@article{levschw,
	title = {On the Radiation of Sound from an Unflanged Circular Pipe},
	author = {Levine, Harold and Schwinger, Julian},
	journal = {Phys. Rev.},
	volume = {73},
	issue = {4},
	pages = {383--406},
	numpages = {0},
	year = {1948},
	month = {Feb},
	publisher = {American Physical Society},
	doi = {10.1103/PhysRev.73.383},
	url = {https://link.aps.org/doi/10.1103/PhysRev.73.383}
}

