@book{wood,
      author    = "Forest Products Laboratory",
      title     = "Wood Handbook - Wood as an Engineering Material",
      publisher = "United States Department of Agriculture",
      address   = "Madison, Wisconsin",
      year      = 2010,
}
@book{fletchross,
	author = {Fletcher, N. H. and Rossing, T. D.},
	title = {The Physics of Musical Instruments},
	date = {1998},
	edition = {2nd edition},
	publisher = {Springer},
	address = {New York},
	isbn = { 978-1-4419-3120-7},
}