@phdthesis{cuadra,
author = "de la Cuadra, Patricio",
title = "The Sound of Oscillating Air Jets: Physics, Modeling and Simulation in Flute-like Instruments",
school = "Stanford, CA",
year = 2005,
}