@booklet{leissa,
	author = {Leissa, A. W.},
	editor = {NASA-SP-160},
	title = {Vibration of plates},
	date = {1969},
	howpublished = {US Government Printing Office},
	location = {Washington, D. C.},
}
@book{fletchross,
	author = {Fletcher, N. H. and Rossing, T. D.},
	title = {The Physics of Musical Instruments},
	date = {1998},
	edition = {2nd edition},
	publisher = {Springer},
	address = {New York},
	isbn = { 978-1-4419-3120-7},
}
@book{chker,
	author = {Chaigne, A. and Kergomard, J.},
	title = {Acoustics of Musical Instruments},
	date = {2016},
	publisher = {Springer},
	address = {New York},
	isbn = {978-1-4939-3679-3},
}