@article{kar98,
 ISSN = {01489267, 15315169},
 URL = {http://www.jstor.org/stable/3681155},
 author = {Matti Karjalainen and Vesa Välimäki and Tero Tolonen},
 journal = {Computer Music Journal},
 number = {3},
 pages = {17--32},
 publisher = {The MIT Press},
 title = {Plucked-String Models: From the Karplus-Strong Algorithm to Digital Waveguides and beyond},
 volume = {22},
 year = {1998}
}
@article{smith92,
 ISSN = {01489267, 15315169},
 URL = {http://www.jstor.org/stable/3680470},
 author = {Julius O. Smith},
 journal = {Computer Music Journal},
 number = {4},
 pages = {74--91},
 publisher = {The MIT Press},
 title = {Physical Modeling Using Digital Waveguides},
 volume = {16},
 year = {1992}
}

